% This file was created with JabRef 2.9.1.
% Encoding: Cp1252

@phdthesis{fanson2010robotic,
  title={Robotic Manipulation of Deformable Objects Using Robust Output Regulation},
  author={Fanson, Richard},
  year={2010}
}

@article{saha2007manipulation,
  title={Manipulation planning for deformable linear objects},
  author={Saha, Mitul and Isto, Pekka},
  journal={IEEE Transactions on Robotics},
  volume={23},
  number={6},
  pages={1141--1150},
  year={2007},
  publisher={IEEE}
}

@article{yue2001manipulating,
  title={Manipulating Deformable Linear Objects: Force/torque Sensor-Based Adjustment-Motions For Vibration Elimination},
  author={Yue, Shigang and Henrich, Dominik},
  year={2001}
}

@book{koubaa2016robot,
  title={Robot operating system (ros): The complete reference},
  author={Koubaa, Anis},
  volume={1},
  year={2016},
  publisher={Springer}
}

@article{o2014gentle,
  title={A gentle introduction to ROS},
  author={O'Kane, Jason M},
  year={2014},
  publisher={Jason M. O'Kane}
}

@book{mccleary2013geometry,
  title={Geometry from a differentiable viewpoint},
  author={McCleary, John},
  year={2013},
  publisher={Cambridge University Press}
}

@book{murray2017mathematical,
  title={A mathematical introduction to robotic manipulation},
  author={Murray, Richard M},
  year={2017},
  publisher={CRC press}
}

@inproceedings{yue2002manipulating,
  title={Manipulating deformable linear objects: sensor-based fast manipulation during vibration},
  author={Yue, Shigang and Henrich, Dominik},
  booktitle={Robotics and Automation, 2002. Proceedings. ICRA'02. IEEE International Conference on},
  volume={3},
  pages={2467--2472},
  year={2002},
  organization={IEEE}
}

@book{cormen2009introduction,
  title={Introduction to algorithms},
  author={Cormen, Thomas H},
  year={2009},
  publisher={MIT press}
}

@misc{ros,
  title = {ROS},
  howpublished = {\url{http://www.ros.org/}},
  note = {Accessed: 2017-10-20}
}

@misc{wikiros,
  title = {ROS},
  howpublished = {\url{http://wiki.ros.org/ROS/Introduction}},
  note = {Accessed: 2017-10-20}
}

@misc{urpackage,
  title = {universalrobot},
  howpublished = {\url{http://wiki.ros.org/universal\_robot}},
  note = {Accessed: 2017-10-22}
}

@misc{robotiq,
  title = {robotiq},
  howpublished = {\url{http://wiki.ros.org/robotiq}},
  note = {Accessed: 2017-10-22}
}

@misc{moveit,
  title = {MoveIt!},
  howpublished = {\url{https://moveit.ros.org/}},
  note = {Accessed: 2017-11-13}
}

@incollection{sloane,
        Author={Sloane, N.J.A.},
        Title={"Sequence A091154"},
        Booktitle={The On-Line Encyclopedia of Integer Sequences}
	 Publisher={OEIS Foundation}
}

@article{holland1957archimedes,
  title={The archimedes spiral},
  author={Holland, HC},
  journal={Nature},
  volume={179},
  number={4556},
  pages={432},
  year={1957},
  publisher={Nature Publishing Group}
}

@article{weisstein2003pedal,
  title={Pedal Curve},
  author={Weisstein, Eric W},
  year={2003},
  publisher={Wolfram Research, Inc.}
}

@book{robotiq2014gripper,
  title={Robotiq 3-Finger Adaptative Robot Gripper Instruction Manual},
  author={Robotiq},
  year={2014},
  publisher={Robotiq}
}

@book{robotiq2016ftsensor,
  title={Robotiq Force Torque Sensor FT 150/300 Instruction Manual},
  author={Robotiq},
  year={2016},
  publisher={Robotiq}
}

@book{universalrobots2014ur10,
  title={UR10/CB3 User Manual},
  author={Universal Robots},
  year={2014},
  publisher={Universal Robots}
}

@inproceedings{cashmore2015rosplan,
  title={ROSPlan: Planning in the Robot Operating System.},
  author={Cashmore, Michael and Fox, Maria and Long, Derek and Magazzeni, Daniele and Ridder, Bram and Carrera, Arnau and Palomeras, Narcis and Hurtos, Natalia and Carreras, Marc},
  booktitle={ICAPS},
  pages={333--341},
  year={2015}
}